@book{sunagawa,
author={砂川重信},
year={1999},
title={理論電磁気学 第3版},
publisher={紀伊國屋書店},
abstract={マクスウェルによって完成された電磁気学は、自然現象の理論的記述としてもっとも完全な体系のひとつである。本書は、この古典電磁気学の理論を物理学系・工学系の学生に、組織的・体系的に理解してもらうことを目的に書かれたものである。},
isbn={9784314008549;4314008547;},
language={Japanese},
}

@book{peskin2018introduction,
  title={An introduction to quantum field theory},
  author={Peskin, Michael E},
  year={2018},
  publisher={CRC press}
}