@misc{e-Stat,
        author  = {政府統計の総合窓口},
        title   = {国勢調査 「男女別人口-全国，都道府県（大正9年$\sim$平成27年）」},
        note    = {\url{https://www.e-stat.go.jp/stat-search/files?page=1&layout=datalist&toukei=00200521&tstat=000001011777&cycle=0&tclass1=000001094741&stat_infid=000031524010&tclass2val=0}}
}